@Misc{kinect-website,
  key =          "Microsoft Kinect",
  title =        "{Microsoft Kinect} website",
  howpublished = "\url{http://www.xbox.com/en-US/KINECT}"
}
